@misc{intro, 
title ={site da cadeira "Realidade Virtua"},
url= {http://cin.ufpe.br/~if755/},
author = {Veronica Teichrieb}
}

@misc{imagem, 
title ={Sensor de movimento da Leap Motion te deixa usar as próprias mãos na realidade virtual},
url= {https://assets.b9.com.br/wp-content/uploads/2016/12/leapcover.jpg},
author = {b9.com.br}
}

@misc{importancia, 
title ={Importância da Realidade Virtual},
url= {http://ptcomputador.com/Software/presentation-software/160304.html},
author = {ptcomputador.com}
}

@misc{IF681, 
title ={site da cadeira "Interfaces usuário-maquinaa"},
url= {https://sites.google.com/a/cin.ufpe.br/if681---interface-usuario-maquina/home},
author = {Alex Sandro Gomes}
}

@misc{IF687, 
title ={site da cadeira introdução à multimídia},
url= {http://cin.ufpe.br/~if687/},
author = {Judith Kelner}
}