@book{kurose6,
  title={Redes de Computadores e a Internet: uma abordagem top-down},
  author={Kurose, James F and Ross, Keith W and Zucchi, Wagner Luiz},
  year={2007},
  publisher={Pearson Addison Wesley},
  edition=6
}

@book{kurose5,
  title={Redes de Computadores e a Internet: uma abordagem top-down},
  author={Kurose, James F and Ross, Keith W and Zucchi, Wagner Luiz},
  year={2007},
  publisher={Pearson Addison Wesley},
  edition=5
}

@article{tanenbaum,
  title={Redes de computadores Quarta edi{\c{c}}{\~a}o},
  author={Tanenbaum, Andrew S},
  journal={Amsterdam: Vrije Universiteit},
  year={2003}
}