@book{SommervilleES2011,
  title={Engeharia de Software},
  note={9ª edição. Capítulo 1},
  author={Sommerville, Ian.},
  isbn={9788579361081},
  year={2011},
  publisher={Pearson}
}

@misc{IntES,
  author = {Cornélio, M. L.},
  title = {\textit{Uma Introdução à Engenharia de Software}},
  year = {2014},
  howpublished = {\url{http://www.cin.ufpe.br/~if682/curso_CC/pdfs/01_Introducao_ES.pdf}},
  note = {Acesso em: 01/05/2019}
}

@misc{ProcessosSoftware,
  author = {Cornélio, M. L.},
  title = {\textit{Processos de Software}},
  year = {2014},
  howpublished = {\url{http://www.cin.ufpe.br/~if682/curso_CC/pdfs/02_Processos_e_Modelos%20de%20Ciclo%20de%20vida%20de%20SW.pdf}},
  note = {Acesso em: 01/05/2019}
}

@misc{GerenciamentoProjetos,
  author = {Cornélio, M. L.},
  title = {\textit{Gerenciamento de Projetos}},
  year = {2014},
  howpublished = {\url{http://www.cin.ufpe.br/~if682/curso_CC/pdfs/03_Gerenciamento_Projetos.pdf}},
  note = {Acesso em: 01/05/2019}
}

@misc{ArquiteturaSoftware,
  author = {Cornélio, M. L.},
  title = {\textit{Arquitetura de Software}},
  year = {2014},
  howpublished = {\url{www.cin.ufpe.br/~if682/curso_CC/pdfs/10_Projeto Arquitetural.pdf}},
  note = {Acesso em: 01/05/2019}
}
@misc{Cronograma2014,
key = {Cronograma},
title = {\textit{Cronograma de aulas IF-682 2014.1 - Ciência da Computação}},
howpublished = {\url{http://www.cin.ufpe.br/~if682/IF682_CC.htm}},
note = {Acesso em: 01/05/2019}
}