@misc {primeira,
title = {Site oficial da disciplina, Professor Djamel Sadok},
url = {http://www.cin.ufpe.br/~if738/},
organization={Professor Djamel Sadok, CIn-UFPE. Site oficial da disciplina}
}

@misc {segunda,
title = {Site oficial da disciplina, Professor Djamel Sadok},
url = {http://www.cin.ufpe.br/~if738/#aulas},
organization={Professor Djamel Sadok, CIn-UFPE. Site oficial da disciplina}
}

@misc {terceira,
title = {Site oficial da disciplina (slide), Professor Djamel Sadok},
url = {http://www.cin.ufpe.br/~if738/arquivos/aulas/PPT/Modelo_OSI_TCP_IP.ppt},
organization={Professor Djamel Sadok, CIn-UFPE. Site oficial da disciplina (slide)}
}

@misc {quarta,
title = {Site PtComputador - sobre redes de computadores},
url = {http://ptcomputador.com/Networking/local-networks/74259.html},
organization ={Site ptcomputador }
}

@misc {quinta,
title = {Site oficial da disciplina IF678, Professor Paulo Gonçalves},
url = {http://www.cin.ufpe.br/~pasg/if678/if678.html},
organization={Professor Paulo Gonçalves, CIn-UFPE.}
}

@misc {sexta,
title = {Site CanalTech, sobre Modelo OSI},
url = {https://canaltech.com.br/produtos/o-que-e-modelo-osi/},
organization={Site CanalTech}
}

@misc {setima,
title = {Blog Unipê, sobre tipos de redes de computadores},
url = {http://blog.unipe.br/graduacao/voce-conhece-os-principais-tipos-de-redes-de-computadores
},
organization={Blog UniPE}
}

@misc {oitava,
title = {Site oficial da disciplina (sobre Gerenciamento de Dados e Informação), Professor Djamel Sadok},
url = {http://www.cin.ufpe.br/~if738/arquivos/aulas/PDF/Apresentacao_Disciplina.pdf},
organization={Professor Djamel Sadok, CIn-UFPE.}
}

@misc {nona,
title = {Imagem, redes de computadores (figure 1)},
url = {https://unifeob.edu.br/noticias/networking-microsoft-cisco/},
organization={Unifeob}
}

