@book{SQLcp,
  author = {Celso Henrique Poderoso de Oliveira},
  year = {2016},
  title = {SQL Curso Prático},
  publisher = {Editora Novatec}
}

@book{SBD,
  author = {R. Elmasri \& S. Navathe},
  year = {2011},
  title = {Sistemas de Banco de Dados},
  publisher = {Pearson Education}
}

@book{SGBD,
  author = {R. Ramakrishnam \& J. Gehrke},
  year = {2008},
  title = {Sistemas de Gerenciamento de Banco de Dados},
  publisher = {McGraw Hill}
}

@book{SBD2,
  author = {A. Silberschartz, H. Korth \& S. Sudarshan},
  year = {2006},
  title = {Sistemas de Banco de Dados},
  publisher = {Makron Books}
}

@misc{SecGRad,
  author       = {SecGrad - CIn}, 
  title        = {Secretaria de Graduação - Centro de Informática (UFPE)},
  howpublished = {\url{https://sites.google.com/site/secgradcin/home}}
}