@book {livro,
    title = {Introdução à Teoria da Computação},
    author = {Michael Sipser e Thomson Pioneira},
    isbn = {8522104999},
    year = {2007}
}
@misc {Cin-Wiki,
    title = {Informática Teórica - CInWiki},
    author = {CIn - UFPE},
    howpublished = {\url{https://cin.ufpe.br/~pet/wiki/Informática_Teórica}}
}
@misc {if689, 
    title = {IF689 - Informática Teórica},
    author = {CIn - UFPE},
    howpublished = {\url{http://www.cin.ufpe.br/~if689/}}
}
@misc {relevancia,
    title = {A importância da teoria da computação na ciência da computação},
    author = {Cintra, Caroline Carbonell; Bronfman, Paula Nemetz; Diverio, Tiaraju Asmuz },
    howpublished = {\url{http://hdl.handle.net/10183/101478}}
}
@misc {if672, 
    title = {IF672 - Algoritmos e Estruturas de Dados},
    author = {CIn - UFPE},
    howpublished = {\url{https://sites.google.com/a/cin.ufpe.br/if672cc-aeds-rvimieiro/}}
}
@misc {if673, 
    title = {IF673 - Lógica para Computação},
    author = {CIn - UFPE},
    howpublished = {\url{http://www.cin.ufpe.br/~if673/}}
}
@misc {img,
    title = {imagem, livro Introdução à Teoria da Computação},
    howpublished = {\url{https://images.livrariasaraiva.com.br/imagemnet/imagem.aspx/?pro_id=1915098&qld=90&l=430&a=-1=1006536872}}
}