@book{bussab,
    author={Wilton O. Bussab. Pedro A. Morettin},
    title={Estatística Básica},
    adress={São Paulo},
    publisher={Editora Saraiva},
    isbn={9788502081772},
    year={2010}
}

@book{urdan,
  title={Statistics in Plain English, Third Edition},
  author={Urdan, T.C.},
  isbn={9781136967573},
  url={https://books.google.com.br/books?id=j7w96jZTavUC},
  year={2011},
  publisher={Taylor \& Francis}
}
@book{wasserman,
  title={All of Statistics: A Concise Course in Statistical Inference},
  author={Wasserman, L. and Wasserman, L.A.},
  isbn={9780387402727},
  lccn={2003062209},
  series={Springer Texts in Statistics},
  url={https://books.google.com.br/books?id=th3fbFI1DaMC},
  year={2004},
  publisher={Springer}
}
@article{lauro,
author = {C. Lauro},
year = {1996},
pages = {191\-193},
title = {Computational statistics or statistical computing, is that the question?},
volume = {23},
journal = {Computational Statistics \& Data Analysis},
doi = {10.1016/0167-9473(96)88920-1}
}
@misc {grafico,
    key = {grafico},
    howpublished = {Image courtesy of jscreationzs at FreeDigitalPhotos.net},
    url = {http://www.freedigitalphotos.net/images/business-graph-photo-p295194}
}
  
