@book{navathe,
  title={Sistemas de Banco de Dados},
  author={R. Elmasri \& S. Navathe},
  year={2011},
  publisher={Pearson}
}
@misc{img,
    title={MySQL},
    author={Presidio Ventures},
    howpublished={\url{http://presidio-ventures.com/portfolio/mysql/mysql-logo-275/}}
}

@book{ramak,
  title={Sistemas de Gerenciamento de Banco de Dados},
  author={R. Ramakrishnam \& J. Gehrke},
  year={2008},
  publisher={AMGH}
}
@misc{site,
  title={Site da Disciplina},
  author={Universidade Federal de Pernambuco},
  howpublished={\url{http://www.cin.ufpe.br/~if685/}}
}