@book{cin.ufpe,
        title = {Infraestrutura de Software},
        Author = {Prof. Eduardo Tavares},
        year={2011},
        url={https://sites.google.com/a/cin.ufpe.br/if$677$},
        publisher = {online}
       }
@book{centro,
        title = {principais areas de ti},
        author = {unipe},
        year={2019},
        url= {http://blog.unipe.br/graduacao/descubra-as-principais
       -areas-da-ciencia-da-computacao},
          publisher = {online}
       }
@book{fundacao,
        title = {infraestrutura tecnologica de software},
        author = {funiber},
        year={2019},
        url= {https://www.funiber.org.br/ \\ infraestrutura
         -tecnologica-de-software},
        publisher = {online}
       }
@book{sistemas,
        title = {sistemas operacionais},
        author = {unifesp},
        year={2019},
        url= {https://www.unifesp.br/ \\
          campus/sjc/images/sjc/Secretaria-de-Gradua%C$3$%A$7$%C$3$%A$3$o/UCs-Vigentes/S/Sistemas-Operacionais.pdf},
        publisher = {online}
}
@book{figura,
        title = {Como montar sua Infraestrutura de TI},
        author = {ap networks},
        year={2018},
        url= {https://apnetworks.com.br/como-montar-sua-infraestrutura-de-ti},
        publisher = {online}
}
@book{operacioanal,
        title = {Introdução aos Sistemas Operacionais},
        author = {wikiversidade},
        year={2018},
        url= {https://pt.wikiversity.org/wiki/Introdu$%C3%A7%C3%A3o_aos_Sistemas_Operacionais/Defini%C3%A7%C3%B5es_de_Sistema_Operacional$},
        publisher = {online}
}
@book{processos,
        title = {processos, interrupções e syscall},
        author = {Prof. Carlos Ferraz},
        year={2016},
        url= {http://www.cin.ufpe.br/~cagf/if677/2016-1/slides/04-05_processo+interrupcao+syscall.pdf},
        publisher = {online}
}
@book{arquivos,
        title = {Sistemas de arquivos},
        author = {Prof. Fernando Castor},
        year={2011},
        url= {https://docs.google.com/viewer?a=v&pid=sites&srcid=Y$2$luLnVmcGUuYnJ$8$aWY$2$Nzd$8$Z$3$g$6$MjQ$3$MTE$5$NmNiODVkZGFiNA},
        publisher = {online}
}
       
       
       

        
