@book{slide2,
title={Processo de Software},
author={Prof. Márcio Lopes Cornélio},
isbn={9781417642595},
url={https://tinyurl.com/y6spo9j2},
year={2011},
publisher={CIn UFPE}
}
@book{slide3,
title={Princípios da engenharia de software},
author={Prof. Márcio Lopes Cornélio},
isbn={9781417642595},
url={https://tinyurl.com/y3rwelrl},
year={2011},
publisher={CIn UFPE}
}
@book{pagina,
title={IF682- Engenharia de software e sistemas},
author={Prof. Márcio Lopes Cornélio},
isbn={9781417642595},
url={http://www.cin.ufpe.br/~if682/20111/},
year={2011},
publisher={CIn UFPE}
}
@book{slide4,
title={Uma introdução a engenharia},
author={Prof. Márcio Lopes Cornélio},
isbn={9781417642595},
url={https://tinyurl.com/y2po55vl},
year={2011},
publisher={CIn UFPE}
}