@misc{poe,
  author = {{Grinding Gear Games}},
  title = {{Path of Exile}},
  note = {\url{https://www.pathofexile.com/}}
}