@misc{maple,
    title={MapleStory},
    author={NEXON},
    howpublished = {\url{https://i.imgur.com/WR5dk0h.png}}
}
@misc{pgcin,
  title={Processamento Gráfico},
  author={Prof. Sílvio Melo},
  URL={http://books.google.com/books?id=W-xMPgAACAAJ}
}
@misc{imcin,
  title={Introdução à Multimídia},
  author={Prof. Judith Kelner},
  URL={http://www.cin.ufpe.br/~if687/}
}