@book{tecmundo,
  title={O que são Redes Neurais?},
  author={Pablo de Assis},
  year={2009},
  url={https://www.tecmundo.com.br/programacao/2754-o-que-sao-redes-neurais-.htm},
  publisher={online}
}
@book{cin.ufpe,
  title={Redes Neurais},
  author={Germano C. Vasconcelos},
  year={2018},
  url={http://www.cin.ufpe.br/~gcv/web_lci/intro.html},
  publisher={online}
}
@book{perfilcurricular,
  title={Perfil Curricular: Ciência da Computação},
  author={UFPE},
  url={https://www.ufpe.br/documents/38970/411209/ciencia_computacao_perfil_2002.pdf/09862676-8330-4642-af94-6ec9e8607a62},
  year={2002},
  publisher={online}
}

@book{Imagem,
  title={Exemplo de Redes Neurais},
  author = {Não identificado},
  url={https://upload.wikimedia.org/wikipedia/commons/3/3c/Neuralnetwork.png}
}
@book{disciplinas,
  title={Nome e Código das discilpinas do CIN},
  author={UFPE},
  url={http://www.cin.ufpe.br/~imprensa/CodigosDeDisciplinasCC},
  publisher={online}
}